@book{Rogers2002,
	author = {Rogers, Yvonne and Sharp, Helen and Preece, Jenny},
	title = {Interaction Design: Beyond Human - Computer Interaction},
	publisher = {John Wiley \& Sons, Inc},
	year = {2002}
}

@book{Kohler2005,
	author = {Kohler, Chris},
	title = {Power-Up: How Japanese Video Games Gave The World An Extra Life},
	year = {2005},
	publisher = {Pearson Education}
}

@book{Lazar2010,
	author = {Lazar, Jonathan et al},
	title = {Research Methods in Human-Computer Interaction},
	publisher = {John Wiley \& Sons},
	year = {2010}	
}

@book{Herz1997,
	author = {Herz, J.C},
	title = {Joystick nation : how computer games ate our quarters, won our hearts, and rewired our minds},
	year = {1997},
	city = {Boston},
	publisher = {Little, Brown, and Co.}
}

@book{Moeslund2012,
	author = {Moeslund, Thomas B},
	title = {Introduction to Video and Image Processing: Building Real Systems and Applications},
	year = {2012},
	publisher = {Springer}
}

@book{Macmillan2005,
	author = {Macmillan},
	title = {Macmillan English Dictionary},
	year = {2005},
	publisher = {Macmillan Publishers Limited}
}


@online{Cong,
	author = {Cong, Robert and Winters, ryan},
	title = {How It Works: Xbox Kinect},
	organization = {Jameco Electronics},
	year = {},
	url = {http://www.jameco.com/Jameco/workshop/howitworks/xboxkinect.html}
}

@online{MSByNumbers,
	author = {Microsoft},
	title = {Microsoft by the numbers},
	year = {2013},
	url = {http://www.microsoft.com/en-us/news/bythenumbers/index.html}
}

@online{NintendoSales,
	author = {Nintendo co. Ltd},
	title = {consolidated\_sales\_e1306.pdf},
	year = {2013},
	url = {http://www.nintendo.co.jp/ir/library/historical_data/pdf/consolidated_sales_e1306.pdf}
}

@online{Castaneda2006,
	author = {Castaneda, Karl},
	title = {Nintendo and PixArt Team Up},
	organization = {NintendoWorldReport},
	date = {2006-05-13},
	url = {http://www.nintendoworldreport.com/news/11557}
}

@online{Kumar2009,
	author = {Kumar, Mathew},
	title = {Develop 2009: SCEEâ€™s Hirani Reveals PS Eye Facial Recognition, Motion Controller Details},
	organization = {gamasutra.com},
	date = {2009-07-19},
	url = {http://www.gamasutra.com/php-bin/news_index.php?story=24456}
}

@online{Yin-Poole2012,
	author = {Yin Poole, Wesley},
	title = {PlayStation 3 hits 70 million units shipped worldwide mark six years after launch},
	organization = {Eurogamer},
	date = {2012-11-16},
	url = {http://www.eurogamer.net/articles/2012-11-16-playstation-3-hits-70-million-units-shipped-worldwide-mark-six-years-after-launch}
}

@online{Knies,
	author = {Knies, Rob},
	title = {Research.Microsoft},
	year = {2011},
	url = {http://research.microsoft.com/en-us/news/features/kinectskeletal-092711.aspx}
}

@online{Nintendo2013,
	author = {Nintendo},
	title = {Nintendo},
	year = {2013},
	url = {http://www.nintendo.com/consumer/downloads/WiiOpMn_setup.pdf}
}

@online{Xbox2013,
	author = {Xbox},
	title = {Xbox Support},
	year = {2013},
	url = {http://support.xbox.com/da-DK/xbox-360/accessories/wireless-speed-wheel}
}

@online{Move2013,
	author = {PlayStation},
	title = {PlayStation accesories},
	year = {2013},
	url = {http://us.playstation.com/ps3/accessories/playstation-move-racing-wheel-ps3.html}
}

@online{Miller2012,
	author = {Miller, Greg},
	title = {LittleBigPlanet Karting Review},
	organization = {IGN.com},
	date = {2012-11-06},
	url = {http://www.ign.com/videos/2012/11/06/littlebigplanet-karting-review}
}

@online{Davidson2010,
	author = {Davidson, Rob and Searcy, Matt},
	title = {Xbox Game Manuals},
	organization = {xbox.com},
	year = {2010},
	url = {http://support.xbox.com/en-US/games/xbox-games/xbox-game-manuals}
}

@online{Ign2013,
	author = {IGN},
	title = {Wii U Game Reviews},
	organization = {IGN.com},
	date = {2013-10-15},
	url = {http://www.ign.com/games/reviews/wii-u?sortBy=reviewDate&sortOrder=desc&genre=racing}
}

@online{Rouse2013,
	author = {Rouse, Margaret},
	title = {whatis.techtarget},
	organization = {whatis.techtarget},
	year = {2013},
	url = {http://whatis.techtarget.com/definition/visual-computing}
}

@online{Camspace2009,
	author = {Cam-Trax Technologies},
	title = {Camspace},
	date = {2009-10-14},
	url = {http://www.camspace.com/}
}

@report{Cheng2005,
	author = {Wen-Huang, Cheng et al},
	title = {Robust Algorithm for Exemplar-based Image Painting},
	year = {2005},
	publisher = {National Taiwan University}
}

@report{Busaryev,
	author = {Busaryev, Oleksiy and Doolittle, John},
	title = {Gesture Recognition with Applications},
	publisher = {Department of Computer Science and Engineering. The Ohio State University},
	year = {}
}